<?xml version="1.0" encoding="UTF-8"?><collection><record><leader>07536ntm a2200577 a 4500</leader><controlfield tag="001">006816050</controlfield><controlfield tag="003">MiAaHDL</controlfield><controlfield tag="005">20190719000000.0</controlfield><controlfield tag="006">m        d        </controlfield><controlfield tag="007">cr bn ---auaua</controlfield><controlfield tag="008">090611s1673    xx            00| ||per d</controlfield><datafield tag="035" ind1=" " ind2=" "><subfield code="a">(MiU)006816050</subfield></datafield><datafield tag="035" ind1=" " ind2=" "><subfield code="a">sdr-miu006816050</subfield></datafield><datafield tag="040" ind1=" " ind2=" "><subfield code="a">MiU</subfield><subfield code="c">MiU</subfield><subfield code="e">amremm</subfield></datafield><datafield tag="043" ind1=" " ind2=" "><subfield code="a">n-us-mi</subfield></datafield><datafield tag="100" ind1="1" ind2=" "><subfield code="6">880-01</subfield><subfield code="a">Kalīm, Abū Ṭālib,</subfield><subfield code="d">-1651?</subfield></datafield><datafield tag="245" ind1="1" ind2="0"><subfield code="6">880-03</subfield><subfield code="a">[Dīvān-i Kalīm,</subfield><subfield code="f">1084?, i.e. 1673?].</subfield></datafield><datafield tag="246" ind1="3" ind2=" "><subfield code="i">Edge title (tail):</subfield><subfield code="a">کلیم همدانی</subfield></datafield><datafield tag="260" ind1=" " ind2=" "><subfield code="c">[1673?].</subfield></datafield><datafield tag="300" ind1=" " ind2=" "><subfield code="a">252 leaves :</subfield><subfield code="b">paper ;</subfield><subfield code="c">240 x 130 (145 x 60) mm.</subfield></datafield><datafield tag="500" ind1=" " ind2=" "><subfield code="a">Shelfmark: Ann Arbor, University of Michigan, Special Collections Library, Isl. Ms. 340</subfield></datafield><datafield tag="500" ind1=" " ind2=" "><subfield code="a">Origin: According to colophon on p.503, supposedly copied by Muḥammad Masīḥ Shīrāzī with transcription completed 17 Muḥarram "٨٠۴" [ca. 27 August 1401], which seems impossible given Kalīm's dates ; 17 Muḥarram 1084 [i.e. ca. 4 May 1673] may have been intended. Ownership statement on 'title page' (p.1) provides a terminus ante quem of 1684.</subfield></datafield><datafield tag="500" ind1=" " ind2=" "><subfield code="a">Former shelfmark: "121 T. De M. [i.e. Tammaro De Marinis]" inscribed in pencil on recto of front flyleaf.</subfield></datafield><datafield tag="500" ind1=" " ind2=" "><subfield code="a">Binding: Pasteboards covered in black leather seemingly covered with lacquer ; Type II binding (with flap) ; two-piece binding (overlapping flanges visible at spine) ; doublures in dark red leather gold-tooled with oval central ornament, crosses above and below, corner accents and border (all built up of small annular stamp) defined by gold rules ; upper and lower covers carry stamped central lozenge, pendants and cornerpieces (central lozenge and cornerpieces filled with composition of vegetal designs surrounding bird) painted red and bronze-gold and layered with lacquer, as well as border in gold-painted vegetal designs defined by gold fillets ; sewn in golden yellow and blue thread, two stations ; worked chevron endbands in golden yellow and blue thread ; overall in somewhat poor condition with envelope flap almost fully detached from fore edge flap (losses at joint), some lifting and losses of lacquer and leather, abrasion, losses and delamination of boards at edges, etc.</subfield></datafield><datafield tag="500" ind1=" " ind2=" "><subfield code="a">Support: non-European (likely Persian) laid paper with roughly 9 laid lines per cm. (vertical, somewhat indistinct) and irregular chain lines visible, dense and sturdy though thin, well-burnished, dark cream in color ; flyleaves in European laid paper ; extensive pest damage in final seven leaves ; flyleaves in European laid paper.</subfield></datafield><datafield tag="500" ind1=" " ind2=" "><subfield code="a">Decoration: Superb illuminated double-page opening on p.2-3 with headpiece (ʻunwān / sarlawḥ) consisting of rectangular piece with empty gold cartouche flanked by gold pendants surrounded by delicate floral vegetal decoration in orange, yellow, lavender, white, and red on a lapis and gold ground, surmounted by elongated scalloped dome filled with chi cloud and floral motifs in gold, orange, light blue, white, lavender, etc. surrounding pink pendants, all set in a well of now dark brownish blue with white accents flanked by narrow blue and gold bands ; marginal decoration of gold-painted plants and animals (lion, fox, rabbit, phoenix, antelope, etc.) completes the double-page illumination ; another exquisite illuminated headpiece at opening of ghazals on p.250 ; written area throughout surrounded by gold frame with blue outermost rule, divisions within defined by narrow gold bands ; text of written area of double page opening set off by gold cloud-bands, elsewhere flecked with gold ; gold-painted vegetal and animal decoration at close of some sections (see pp.249 and 491).</subfield></datafield><datafield tag="500" ind1=" " ind2=" "><subfield code="a">Script: Nastaʻlīq ; elegant hand in a medium line, compactly filling the line ; characteristically serifless, with effect of words descending to baseline, elongation of horizontal strokes, pointing in conjoined dots, point of final nūn set down in wide, slightly angled bowl.</subfield></datafield><datafield tag="500" ind1=" " ind2=" "><subfield code="a">Layout: Written in 17 lines per page with written area often divided to two columns ; frame-ruled.</subfield></datafield><datafield tag="500" ind1=" " ind2=" "><subfield code="a">Collation: i, 9 IV(72), III (78), 9 IV(150), III (156), 6 IV(204), III+1 (211), 2 IV(227), IV+1 (236), 2 IV(252), i ; chiefly quaternions ; oblique catchwords on the verso of each leaf ; pagination in pencil, Western numerals, supplied during cataloguing.</subfield></datafield><datafield tag="500" ind1=" " ind2=" "><subfield code="a">Colophon: "Scribal," triangular, reads "بتاریخ هفدهم شهر محرم الحرام سنه ٨٠۴ سمت تحریر یافت علی ید الاحقر بل اللاشی محمد مسیح شیرازی م م م"</subfield></datafield><datafield tag="500" ind1=" " ind2=" "><subfield code="a">Explicit: " آرایش روزگار امروز ازوست بر روی زمانه زلف پر پیچ و خمیست"</subfield></datafield><datafield tag="500" ind1=" " ind2=" "><subfield code="a">Incipit: "ش‍وق‌ ه‍ر ک‍س‌ را ک‍ه‌ در راه‌ طل‍ب‌ س‍ر م‍ی‍ده‍د گ‍ر در آرد اول‌ از پ‍ا آخ‍رش‌ پ‍رم‍ی‍هد ..."</subfield></datafield><datafield tag="500" ind1=" " ind2=" "><subfield code="a">Title supplied by cataloguer.</subfield></datafield><datafield tag="500" ind1=" " ind2=" "><subfield code="a">Ms. codex.</subfield></datafield><datafield tag="510" ind1="4" ind2=" "><subfield code="a">Storey, C. Persian literature: a bio-bibliographical survey,</subfield><subfield code="c">p.572</subfield></datafield><datafield tag="510" ind1="4" ind2=" "><subfield code="a">Cat. Pers. MSS. Brit. Mus.,</subfield><subfield code="c">p.686</subfield></datafield><datafield tag="520" ind1="8" ind2=" "><subfield code="a">Elegant copy of the collected poems of Kalīm Abū Ṭālib (d. 1651). Descriptive contributions from Nick Krabbenhoeft.</subfield></datafield><datafield tag="538" ind1=" " ind2=" "><subfield code="a">Mode of access: Internet.</subfield></datafield><datafield tag="541" ind1=" " ind2=" "><subfield code="c">Purchase ;</subfield><subfield code="a">Acquired by purchase (funds donated by Horace Rackham).</subfield><subfield code="d">1924.</subfield></datafield><datafield tag="546" ind1=" " ind2=" "><subfield code="a">Persian.</subfield></datafield><datafield tag="561" ind1=" " ind2=" "><subfield code="a">Several former owners' marks on 'title page' (p.1) including ownership statement dated Rabīʻ II 1095 [March-April 1684] in name of Ibn Muḥammad Muʼmin Shīrāzī Muḥammad Amīn (ابن محمد مؤمن شیرازی محمد امین) accompanied by and rectangular seal impression dated 1082 [1671 or 2], statement reads "صار من متملكات اقل عباد الله ابن محمد مؤمن شيرازى محمد امين فى شهر ربيع الثانى من شهور سنه ١٠٩٥," ownership statement in name of Muḥammad Bāqir [?] son of Mīrzā Luṭf Allāh al-Sharīf al-Mūsavī (ولد میرزا لطف الله الشریف الموسوی محمدباقر) accompanied by small rectangular seal impression, statment reads "هو دخل فى نوبة العبد الفقير الحقير القاصر لولد مرحوم المبرور ميرزا لطف الله الشريف الموسوى محمدباقر [؟] عفى عنهما," oval seal impression dated 1219 [1804 or 5] and oval seal impression dated 1247 [1831 or 2] in name of Muḥammad ʻĀrif (محمد عارف) ; poetic excerpts on front flyleaf and 'title page' (p.1) ; fairly clean copy with rare marginal corrections (see p.248).</subfield></datafield><datafield tag="650" ind1=" " ind2="0"><subfield code="a">Manuscripts, Persian</subfield><subfield code="z">Michigan</subfield><subfield code="z">Ann Arbor.</subfield></datafield><datafield tag="650" ind1=" " ind2="0"><subfield code="a">Persian poetry</subfield><subfield code="y">1500-1796.</subfield></datafield><datafield tag="655" ind1=" " ind2="7"><subfield code="a">Headpieces (layout features)</subfield><subfield code="y">17th century.</subfield><subfield code="2">aat</subfield></datafield><datafield tag="700" ind1="0" ind2=" "><subfield code="a">Abdülhamid</subfield><subfield code="b">II,</subfield><subfield code="c">Sultan of the Turks,</subfield><subfield code="d">1842-1918,</subfield><subfield code="e">former owner.</subfield></datafield><datafield tag="700" ind1="0" ind2=" "><subfield code="6">880-09</subfield><subfield code="a">Muḥammad ʻĀrif</subfield><subfield code="d">fl. 1831,</subfield><subfield code="e">former owner.</subfield></datafield><datafield tag="700" ind1="0" ind2=" "><subfield code="6">880-08</subfield><subfield code="a">Muḥammad Amīn ibn Muḥammad Muʼmin Shīrāzī,</subfield><subfield code="d">fl. 1684,</subfield><subfield code="e">former owner.</subfield></datafield><datafield tag="700" ind1="0" ind2=" "><subfield code="6">880-07</subfield><subfield code="a">Muḥammad Masīḥ Shīrāzī,</subfield><subfield code="d">fl. 1673?,</subfield><subfield code="e">scribe.</subfield></datafield><datafield tag="773" ind1="0" ind2=" "><subfield code="a">Abdul Hamid Collection.</subfield></datafield><datafield tag="880" ind1="0" ind2=" "><subfield code="6">700-09/</subfield><subfield code="a">محمد عارف،</subfield><subfield code="e">مالك سابق.</subfield></datafield><datafield tag="880" ind1="0" ind2=" "><subfield code="6">700-08/</subfield><subfield code="a">محمد امين ابن محمد مؤمن شيرازى،</subfield><subfield code="e">مالك سابق.</subfield></datafield><datafield tag="880" ind1="0" ind2=" "><subfield code="6">700-07/</subfield><subfield code="a">محمد مسيح شيرازى،</subfield><subfield code="e">ناسخ.</subfield></datafield><datafield tag="880" ind1="1" ind2="0"><subfield code="6">245-03/</subfield><subfield code="a">[دیوان کلیم،</subfield><subfield code="f">1084ه؟، 1673م؟].</subfield></datafield><datafield tag="880" ind1="1" ind2=" "><subfield code="6">100-01/</subfield><subfield code="a">كليم, ابو طالب.</subfield></datafield><datafield tag="CID" ind1=" " ind2=" "><subfield code="a">006816050</subfield></datafield><datafield tag="DAT" ind1="0" ind2=" "><subfield code="a">20190719102639.0</subfield><subfield code="b">20190719000000.0</subfield></datafield><datafield tag="DAT" ind1="1" ind2=" "><subfield code="a">20190719090653.0</subfield><subfield code="b">2019-07-19T16:11:43Z</subfield></datafield><datafield tag="DAT" ind1="2" ind2=" "><subfield code="a">2015-10-02T18:00:03Z</subfield></datafield><datafield tag="CAT" ind1=" " ind2=" "><subfield code="a">SDR-MIU</subfield><subfield code="d">EX LIBRIS - ALEPH</subfield><subfield code="l">prepare.pl-004-008</subfield></datafield><datafield tag="FMT" ind1=" " ind2=" "><subfield code="a">BK</subfield></datafield><datafield tag="HOL" ind1=" " ind2=" "><subfield code="0">sdr-miu006816050</subfield><subfield code="a">MiU</subfield><subfield code="b">SDR</subfield><subfield code="c">MIU</subfield><subfield code="p">mdp.39015079129600</subfield><subfield code="s">MIU</subfield><subfield code="1">006816050</subfield></datafield><datafield tag="974" ind1=" " ind2=" "><subfield code="b">MIU</subfield><subfield code="c">MIU</subfield><subfield code="d">20190719</subfield><subfield code="s">lit-dlps-dc</subfield><subfield code="u">mdp.39015079129600</subfield><subfield code="y">1673</subfield><subfield code="r">pd</subfield><subfield code="q">bib</subfield><subfield code="t">non-US bib date1 &lt; 1879</subfield></datafield></record></collection>